%% This BibTeX bibliography file was created using BibDesk.
%% http://bibdesk.sourceforge.net/


%% Created for Henrique Zambon at 2010-02-26 11:49:22 -0300 


%% Saved with string encoding Unicode (UTF-8) 



@url{CET:TransitoAgora:2010,
	Author = {CET - Companhia de Engenharia de Tr{\'a}fego},
	Date-Added = {2010-02-26 11:41:51 -0300},
	Date-Modified = {2010-02-26 11:44:08 -0300},
	Lastchecked = {02/26/2010},
	Title = {CET - Tr{\^a}nsito Agora},
	Urldate = {http://cetsp1.cetsp.com.br/monitransmapa/agora/},
	Year = {2010},
	Bdsk-Url-1 = {http://cetsp1.cetsp.com.br/monitransmapa/agora/}}

@url{Apple:iPhone:MapsCompass:2010,
	Author = {Apple Inc.},
	Date-Added = {2010-02-26 11:04:51 -0300},
	Date-Modified = {2010-02-26 11:44:44 -0300},
	Lastchecked = {02/26/2010},
	Title = {Apple - iPhone - Get directions GPS maps and a new compass},
	Urldate = {http://www.apple.com/iphone/iphone-3gs/maps-compass.html},
	Year = {2010},
	Bdsk-Url-1 = {http://www.apple.com/iphone/iphone-3gs/maps-compass.html}}

@url{Navigon:iPhone:2010,
	Author = {Navigon},
	Date-Added = {2010-02-26 11:03:55 -0300},
	Date-Modified = {2010-02-26 11:47:00 -0300},
	Lastchecked = {02/26/2010},
	Title = {NAVIGON Inc. - navigation system and navigation software for mobile and in-car navigation},
	Urldate = {http://www.navigon.com/site/us/en},
	Year = {2010},
	Bdsk-Url-1 = {http://www.navigon.com/site/us/en}}

@url{Waze:iPhone:2010,
	Author = {waze Mobile},
	Date-Added = {2010-02-26 11:03:07 -0300},
	Date-Modified = {2010-02-26 11:46:31 -0300},
	Lastchecked = {02/26/2010},
	Title = {Free GPS Navigation with Turn-by-Turn - Waze},
	Urldate = {http://world.waze.com/},
	Year = {2010},
	Bdsk-Url-1 = {http://world.waze.com/}}

@url{Sygic:iPhone:2010,
	Author = {Sygic s.r.o.},
	Date-Added = {2010-02-26 11:02:46 -0300},
	Date-Modified = {2010-02-26 11:47:09 -0300},
	Lastchecked = {02/26/2010},
	Title = {Sygic, car navigation for iPhone, Android, Symbian, Windows Mobile and Linux mobile devices.},
	Urldate = {http://www.sygic.com/},
	Year = {2010},
	Bdsk-Url-1 = {http://www.sygic.com/}}

@url{iGOMyWay:iPhone:2010,
	Author = {NNG Global Services LLC},
	Date-Added = {2010-02-26 11:01:22 -0300},
	Date-Modified = {2010-02-26 11:46:53 -0300},
	Lastchecked = {02/26/2010},
	Title = {iGO My Way 2009 for iPhone - The ultimate navigation for iPhone},
	Urldate = {http://igomyway.com/iphone/en/},
	Year = {2010},
	Bdsk-Url-1 = {http://igomyway.com/iphone/en/}}

@url{TomTom:iPhone:2010,
	Author = {TomTom International B.V.},
	Date-Added = {2010-02-26 11:00:34 -0300},
	Date-Modified = {2010-02-26 11:46:44 -0300},
	Lastchecked = {02/26/2010},
	Title = {Home | TomTom - iPhone},
	Urldate = {http://iphone.tomtom.com/},
	Year = {2010},
	Bdsk-Url-1 = {http://iphone.tomtom.com/}}

@url{Apple:Reports:Q4:2009,
	Author = {Apple Inc.},
	Date-Added = {2010-02-26 10:59:18 -0300},
	Date-Modified = {2010-02-26 11:46:00 -0300},
	Lastchecked = {02/23/2010},
	Title = {Apple Reports Fourth Quarter Results},
	Urldate = {http://www.apple.com/pr/library/2009/10/19results.html},
	Year = {2010},
	Bdsk-Url-1 = {http://www.apple.com/pr/library/2009/10/19results.html}}

@url{ChangeWave:SmartPhoneMarket:2010,
	Author = {InvestorPlace Media, LLC.},
	Date-Added = {2010-02-26 10:58:52 -0300},
	Date-Modified = {2010-02-26 11:46:14 -0300},
	Lastchecked = {02/23/2010},
	Title = {Apple Soars Behind iPhone 3GS Momentum},
	Urldate = {http://blog.changewave.com/2009/10/smart_phone_market_aapl_soars_rimm_palm.html},
	Year = {2010},
	Bdsk-Url-1 = {http://blog.changewave.com/2009/10/smart_phone_market_aapl_soars_rimm_palm.html}}

@url{Apple:DeveloperConnection:2010,
	Author = {Apple Inc.},
	Date-Added = {2010-02-26 10:58:22 -0300},
	Date-Modified = {2010-02-26 11:45:19 -0300},
	Lastchecked = {02/23/2010},
	Title = {Apple Developer Connection},
	Urldate = {http://developer.apple.com/},
	Year = {2010},
	Bdsk-Url-1 = {http://developer.apple.com/}}

@url{Apple:iPhoneSpecs:2010,
	Author = {Apple Inc.},
	Date-Added = {2010-02-26 10:56:53 -0300},
	Date-Modified = {2010-02-26 11:45:08 -0300},
	Lastchecked = {02/26/2010},
	Title = {Apple - iPhone - Technical Specifications},
	Urldate = {http://www.apple.com/iphone/specs.html},
	Year = {2010},
	Bdsk-Url-1 = {http://www.apple.com/iphone/specs.html}}

@url{Apple:HomeWebsite:2010,
	Author = {Apple Inc.},
	Date-Added = {2010-02-26 10:55:51 -0300},
	Date-Modified = {2010-02-26 11:44:32 -0300},
	Lastchecked = {02/23/2010},
	Title = {Apple},
	Urldate = {http://www.apple.com/},
	Year = {2010},
	Bdsk-Url-1 = {http://www.apple.com.br}}

@electronic{LMS:2008,
	Author = {Local Mobile Search},
	Date-Added = {2010-02-26 10:50:20 -0300},
	Date-Modified = {2010-02-26 10:54:14 -0300},
	Title = {A Survey of Location-Aware iPhone Applications},
	Urldate = {http://gesterling.files.wordpress.com/2008/07/iphone-location-aware-applications.pdf},
	Year = {2010},
	Bdsk-File-1 = {YnBsaXN0MDDUAQIDBAUIJidUJHRvcFgkb2JqZWN0c1gkdmVyc2lvblkkYXJjaGl2ZXLRBgdUcm9vdIABqAkKFRYXGyIjVSRudWxs0wsMDQ4RFFpOUy5vYmplY3RzV05TLmtleXNWJGNsYXNzog8QgASABqISE4ACgAOAB1lhbGlhc0RhdGFccmVsYXRpdmVQYXRo0hgNGRpXTlMuZGF0YU8RAiIAAAAAAiIAAgAADE1hY2ludG9zaCBIRAAAAAAAAAAAAAAAAAAAAMdewXlIKwAAAECPrh9pcGhvbmUtbG9jYXRpb24tYXdhciMzQTEyMEYucGRmAAAAAAAAAAAAAAAAAAAAAAAAAAAAAAAAAAAAAAAAAAAAOhIPx45sqwAAAAAAAAAAAAQABgAACSAAAAAAAAAAAAAAAAAAAAALUmVmZXKQbmNpYXMAABAACAAAx17dmQAAABEACAAAx46IywAAAAEAHABAj64AOhHTADoRuQA6EwoAC1OVAAXJxQAAkfYAAgBgTWFjaW50b3NoIEhEOlVzZXJzOnphbWJvbjpQb2xpOjU6NE1BOltQQ1MyMDQwXSBUQ0MgSTpSZWZlcpBuY2lhczppcGhvbmUtbG9jYXRpb24tYXdhciMzQTEyMEYucGRmAA4ATgAmAGkAcABoAG8AbgBlAC0AbABvAGMAYQB0AGkAbwBuAC0AYQB3AGEAcgBlAC0AYQBwAHAAbABpAGMAYQB0AGkAbwBuAHMALgBwAGQAZgAPABoADABNAGEAYwBpAG4AdABvAHMAaAAgAEgARAASAFxVc2Vycy96YW1ib24vUG9saS81LzRNQS9bUENTMjA0MF0gVENDIEkvUmVmZXJlzIJuY2lhcy9pcGhvbmUtbG9jYXRpb24tYXdhcmUtYXBwbGljYXRpb25zLnBkZgATAAEvAAAVAAIADf//AACABdIcHR4fWCRjbGFzc2VzWiRjbGFzc25hbWWjHyAhXU5TTXV0YWJsZURhdGFWTlNEYXRhWE5TT2JqZWN0bxBaAC4ALgAvAC4ALgAvAC4ALgAvAC4ALgAvAFAAbwBsAGkALwA1AC8ANABNAEEALwBbAFAAQwBTADIAMAA0ADAAXQAgAFQAQwBDACAASQAvAFIAZQBmAGUAcgBlAwIAbgBjAGkAYQBzAC8AaQBwAGgAbwBuAGUALQBsAG8AYwBhAHQAaQBvAG4ALQBhAHcAYQByAGUALQBhAHAAcABsAGkAYwBhAHQAaQBvAG4AcwAuAHAAZABm0hwdJCWiJSFcTlNEaWN0aW9uYXJ5EgABhqBfEA9OU0tleWVkQXJjaGl2ZXIACAARABYAHwAoADIANQA6ADwARQBLAFIAXQBlAGwAbwBxAHMAdgB4AHoAfACGAJMAmACgAsYCyALNAtYC4QLlAvMC+gMDA7oDvwPCA88D1AAAAAAAAAIBAAAAAAAAACgAAAAAAAAAAAAAAAAAAAPm}}
