%% This BibTeX bibliography file was created using BibDesk.
%% http://bibdesk.sourceforge.net/


%% Created for Andre Kido at 2010-12-05 16:09:43 -0200 


%% Saved with string encoding Unicode (UTF-8) 


@comment{jabref-meta: selector_publisher:}
@comment{jabref-meta: selector_author:}
@comment{jabref-meta: selector_journal:}
@comment{jabref-meta: selector_keywords:}



@webpage{ASIHTTPRequest,
	Author = {Ben Copsey},
	Date-Added = {2010-12-05 15:50:08 -0200},
	Date-Modified = {2010-12-05 15:56:22 -0200},
	Lastchecked = {2 oct. 2010},
	Title = {ASIHTTPRequest Documentation - All-Seeing Interactive},
	Url = {http://allseeing-i.com/ASIHTTPRequest/},
	Bdsk-Url-1 = {http://developer.apple.com/}}

@webpage{json-framework,
	Author = {Stig Brautaset},
	Date-Added = {2010-12-05 15:50:02 -0200},
	Date-Modified = {2010-12-05 15:54:07 -0200},
	Lastchecked = {1 oct. 2010},
	Title = {json-framework - Project Hosting on Google Code},
	Url = {http://code.google.com/p/json-framework/},
	Bdsk-Url-1 = {http://developer.apple.com/}}

@webpage{Objetive-C,
	Author = {Apple, Inc.},
	Date-Added = {2010-12-05 15:44:20 -0200},
	Date-Modified = {2010-12-05 16:09:43 -0200},
	Lastchecked = {15 fev. 2010},
	Title = {The Objective-C Programming Language},
	Url = {http://developer.apple.com/library/mac/#documentation/Cocoa/Conceptual/ObjectiveC/},
	Bdsk-Url-1 = {http://developer.apple.com/}}

@webpage{CocoaTouch,
	Author = {Apple, Inc.},
	Date-Added = {2010-12-05 15:44:19 -0200},
	Date-Modified = {2010-12-05 15:49:29 -0200},
	Lastchecked = {23 aug. 2010},
	Title = {Cocoa Touch - iOS Technology Overview - Apple Developer},
	Url = {http://developer.apple.com/technologies/ios/cocoa-touch.html},
	Bdsk-Url-1 = {http://developer.apple.com/}}

@webpage{Xcode,
	Author = {Apple, Inc.},
	Date-Added = {2010-12-05 15:44:18 -0200},
	Date-Modified = {2010-12-05 15:49:42 -0200},
	Lastchecked = {15 fev. 2010},
	Title = {Xcode - Developer Tools Technology Overview - Apple Developer},
	Url = {http://developer.apple.com/technologies/tools/xcode.html},
	Bdsk-Url-1 = {http://developer.apple.com/}}

@webpage{Lynda.com:MVC,
	Author = {Lynda.com},
	Date-Added = {2010-12-05 13:58:34 -0200},
	Date-Modified = {2010-12-05 14:09:43 -0200},
	Month = {dez.},
	Title = {Ruby On Rails Essential Training. Chap 1 - What Is Ruby on Rails? - MVC architecture},
	Url = {http://www.lynda.com/home/displaycoursenotabs.aspx?lpk2=324&lpk67=true},
	Year = {2007},
	Bdsk-Url-1 = {http://www.lynda.com/home/displaycoursenotabs.aspx?lpk2=324&lpk67=true}}

@webpage{PolylineDecoder,
	Date-Added = {2010-12-04 19:00:00 -0200},
	Date-Modified = {2010-12-04 19:01:16 -0200},
	Lastchecked = {1 nov. 2010},
	Month = {ago.},
	Title = {Ruby polyline decoder for Google Maps},
	Url = {http://georgelantz.com/2007/08/29/ruby-polyline-decoder-for-google-maps/},
	Year = {2007},
	Bdsk-Url-1 = {http://georgelantz.com/2007/08/29/ruby-polyline-decoder-for-google-maps/}}

@misc{Google:MapsAPI:EncodedPolyline,
	Date-Added = {2010-12-04 18:56:30 -0200},
	Date-Modified = {2010-12-04 18:58:00 -0200},
	Lastchecked = {1 nov. 2010},
	Title = {Encoded Polyline Algorithm Format},
	Url = {http://code.google.com/apis/maps/documentation/utilities/polylinealgorithm.html},
	Year = {2010},
	Bdsk-Url-1 = {http://code.google.com/apis/maps/documentation/utilities/polylinealgorithm.html}}

@webpage{JSON,
	Date-Added = {2010-12-04 15:52:38 -0200},
	Date-Modified = {2010-12-04 15:53:35 -0200},
	Lastchecked = {25 nov. 2010},
	Title = {Introducing JSON},
	Url = {www.json.org},
	Year = {2010},
	Bdsk-Url-1 = {www.json.org}}

@webpage{Google:MapsAPI:Direction,
	Date-Added = {2010-12-04 15:13:35 -0200},
	Date-Modified = {2010-12-04 15:14:02 -0200},
	Lastchecked = {20 nov. 2010},
	Title = {The Google Directions API},
	Url = {http://code.google.com/apis/maps/documentation/directions/},
	Year = {2010},
	Bdsk-Url-1 = {http://code.google.com/apis/maps/documentation/directions/}}

@misc{Google:MapsAPI:Geocoding,
	Date-Added = {2010-12-04 15:12:11 -0200},
	Date-Modified = {2010-12-04 15:13:07 -0200},
	Lastchecked = {20 nov. 2010},
	Title = {The Google Geocoding API},
	Url = {http://code.google.com/apis/maps/documentation/geocoding/},
	Year = {2010},
	Bdsk-Url-1 = {http://code.google.com/apis/maps/documentation/geocoding/}}

@webpage{Google:MapsAPIFamily,
	Date-Added = {2010-12-04 14:53:51 -0200},
	Date-Modified = {2010-12-04 14:54:47 -0200},
	Lastchecked = {20 nov. 2010},
	Title = {Google Maps API Family},
	Url = {http://code.google.com/apis/maps/index.html},
	Year = {2010},
	Bdsk-Url-1 = {http://code.google.com/apis/maps/index.html}}

@misc{Oracle:RESTful,
	Author = {Sameer Tyagi},
	Date-Added = {2010-12-04 14:21:59 -0200},
	Date-Modified = {2010-12-04 14:23:49 -0200},
	Lastchecked = {5 dez. 2010},
	Month = {ago.},
	Title = {RESTful Web Services},
	Url = {http://www.oracle.com/technetwork/articles/javase/index-137171.html},
	Year = {2006},
	Bdsk-Url-1 = {http://www.oracle.com/technetwork/articles/javase/index-137171.html}}

@webpage{Rails:Scaffolding,
	Date-Added = {2010-12-04 13:17:36 -0200},
	Date-Modified = {2010-12-04 13:40:43 -0200},
	Lastchecked = {3 set. 2010},
	Title = {Getting Started with Rails - 5 Getting Up and Running Quickly with Scaffolding},
	Url = {http://guides.rubyonrails.org/getting_started.html},
	Year = {2010},
	Bdsk-Url-1 = {http://guides.rubyonrails.org/getting_started.html}}

@webpage{RubyOnRails:site,
	Date-Added = {2010-12-04 11:00:45 -0200},
	Date-Modified = {2010-12-04 12:37:11 -0200},
	Lastchecked = {3 set. 2010},
	Title = {Ruby on Rails},
	Url = {http://rubyonrails.org/},
	Year = {2010},
	Bdsk-Url-1 = {http://rubyonrails.org/}}

@webpage{TeHospedo:site,
	Date-Added = {2010-12-03 13:41:50 -0200},
	Date-Modified = {2010-12-04 18:41:09 -0200},
	Lastchecked = {28 nov. 2010},
	Title = {TeHospedo: servi{\c c}os de internet},
	Url = {http://tehospedo.com.br/},
	Year = {2010},
	Bdsk-Url-1 = {http://tehospedo.com.br/}}

@webpage{GSMArena:iPhone3G,
	Author = {GSM Arena},
	Date-Added = {2010-11-29 00:12:37 -0200},
	Date-Modified = {2010-11-29 00:14:09 -0200},
	Howpublished = {\url{http://www.gsmarena.com/apple_iphone_3g-2424.php}},
	Lastchecked = {28 nov. 2010},
	Title = {Apple iPhone 3G}}

@webpage{HSW:GPSReceiver,
	Author = {Marshall Brain and Tom Harris},
	Date-Added = {2010-11-28 23:50:07 -0200},
	Date-Modified = {2010-12-03 13:50:38 -0200},
	Lastchecked = {28 nov. 2010},
	Title = {How GPS Receivers Work},
	Url = {http://electronics.howstuffworks.com/gadgets/travel/gps.htm},
	Bdsk-Url-1 = {http://electronics.howstuffworks.com/gadgets/travel/gps.htm}}

@webpage{About.com:A-GPS,
	Author = {Fred Zahradnik},
	Date-Added = {2010-11-28 22:52:40 -0200},
	Date-Modified = {2010-12-05 14:24:52 -0200},
	Lastchecked = {20 nov. 2010},
	Title = {Assisted GPS, A-GPS, AGPS},
	Url = {http://gps.about.com/od/glossary/g/A-GPS.htm},
	Bdsk-Url-1 = {http://gps.about.com/od/glossary/g/A-GPS.htm}}

@misc{US:GPS:GPS,
	Author = {U.S., Government},
	Date-Added = {2010-11-28 21:41:20 -0200},
	Date-Modified = {2010-11-28 21:44:36 -0200},
	Howpublished = {\url{http://gps.gov/systems/gps/}},
	Month = {Novembro},
	Title = {THE GLOBAL POSITIONING SYSTEM},
	Year = {2010}}

@misc{US:GPS:Intro,
	Author = {U.S., Government},
	Date-Added = {2010-11-28 20:53:22 -0200},
	Date-Modified = {2010-11-28 22:05:38 -0200},
	Howpublished = {\url{http://www.gps.gov/}},
	Lastchecked = {28 nov. 2010},
	Month = {Novembro},
	Title = {GLOBAL POSITIONING SYSTEM Serving the World},
	Year = {2010}}

@misc{Garmin:WhatIsGPS,
	Author = {Garmin},
	Date-Added = {2010-11-22 21:52:33 -0200},
	Date-Modified = {2010-11-22 22:04:10 -0200},
	Howpublished = {\url{http://www8.garmin.com/aboutGPS/}},
	Lastchecked = {22 nov. 2010},
	Month = {Novembro},
	Title = {What is GPS?},
	Year = {2010}}

@webpage{Detran-SP:FrotaDeVeiculos,
	Author = {DETRAN-SP},
	Date-Added = {2010-11-03 19:23:02 -0200},
	Date-Modified = {2010-12-05 14:25:14 -0200},
	Lastchecked = {3 nov. 2010},
	Month = {Outubro},
	Title = {Frota de Ve{\'\i}culos},
	Url = {http://www.detran.sp.gov.br/frota/frota.asp},
	Year = {2010},
	Bdsk-Url-1 = {http://www.detran.sp.gov.br/frota/frota.asp}}

@webpage{Apple:DeveloperConnection:2010,
	Author = {Apple, Inc.},
	Date-Modified = {2010-12-05 14:15:45 -0200},
	Lastchecked = {26 fev. 2010},
	Title = {Apple Developer Connection},
	Url = {http://developer.apple.com/},
	Bdsk-Url-1 = {http://developer.apple.com/}}

@webpage{Apple:HomeWebsite:2010,
	Author = {Apple, Inc.},
	Date-Modified = {2010-12-05 14:15:49 -0200},
	Lastchecked = {26 fev. 2010},
	Title = {Apple website},
	Url = {http://www.apple.com/},
	Bdsk-Url-1 = {http://www.apple.com/}}

@webpage{Apple:iPhone:MapsCompass:2010,
	Author = {Apple, Inc.},
	Date-Modified = {2010-12-05 14:15:53 -0200},
	Lastchecked = {26 fev. 2010},
	Title = {iPhone - Get directions GPS maps and a new compass},
	Url = {http://www.apple.com/iphone/iphone-3gs/maps-compass.html},
	Bdsk-Url-1 = {http://www.apple.com/iphone/iphone-3gs/maps-compass.html}}

@webpage{Apple:iPhoneSpecs:2010,
	Author = {Apple, Inc.},
	Date-Modified = {2010-12-05 14:15:40 -0200},
	Lastchecked = {26 fev. 2010},
	Title = {iPhone - Technical Specifications},
	Url = {http://www.apple.com/iphone/specs.html},
	Bdsk-Url-1 = {http://www.apple.com/iphone/specs.html}}

@webpage{Apple:Reports:Q4:2009,
	Author = {Apple, Inc.},
	Date-Modified = {2010-12-05 14:16:59 -0200},
	Lastchecked = {26 fev. 2010},
	Month = {Outubro},
	Title = {Apple Reports Fourth Quarter Results},
	Url = {http://www.apple.com/pr/library/2009/10/19results.html},
	Year = {2009},
	Bdsk-Url-1 = {http://www.apple.com/pr/library/2009/10/19results.html}}

@webpage{CET:TransitoAgora:2010,
	Author = {CET},
	Date-Modified = {2010-12-05 14:19:25 -0200},
	Lastchecked = {26 fev. 2010},
	Title = {Tr{\^a}nsito Agora},
	Url = {http://cetsp1.cetsp.com.br/monitransmapa/agora/},
	Bdsk-Url-1 = {http://cetsp1.cetsp.com.br/monitransmapa/agora/}}

@webpage{ChangeWave:SmartPhoneMarket:2010,
	Author = {InvestorPlace Media, LLC.},
	Date-Modified = {2010-12-05 14:21:40 -0200},
	Lastchecked = {26 fev. 2010},
	Title = {Apple Soars Behind iPhone 3GS Momentum},
	Url = {http://blog.changewave.com/2009/10/smart_phone_market_aapl_soars_rimm_palm.html},
	Bdsk-Url-1 = {http://blog.changewave.com/2009/10/smart_phone_market_aapl_soars_rimm_palm.html}}

@misc{Waze:iPhone:2010,
	Author = {waze Mobile},
	Date-Modified = {2010-11-03 20:00:24 -0200},
	Howpublished = {\url{http://world.waze.com/}},
	Month = {Fevereiro},
	Owner = {zambon},
	Timestamp = {26 fev. 2010},
	Title = {Free GPS Navigation with Turn-by-Turn - Waze},
	Year = {2010}}

@misc{Navigon:iPhone:2010,
	Author = {Navigon, Inc.},
	Date-Modified = {2010-11-03 20:01:31 -0200},
	Howpublished = {\url{http://www.navigon.com/site/us/en}},
	Month = {Fevereiro},
	Owner = {zambon},
	Timestamp = {26 fev. 2010},
	Title = {Navigon, Inc.},
	Year = {2010}}

@misc{iGOMyWay:iPhone:2010,
	Author = {NNG Global Services, LLC},
	Date-Modified = {2010-11-03 20:01:23 -0200},
	Howpublished = {\url{http://igomyway.com/iphone/en/}},
	Month = {Fevereiro},
	Owner = {zambon},
	Timestamp = {26 fev. 2010},
	Title = {iGO My Way 2009 for iPhone - The ultimate navigation for iPhone},
	Year = {2010}}

@electronic{LMS:2008,
	Author = {Local Mobile Search},
	Date-Modified = {2010-11-03 19:57:52 -0200},
	Howpublished = {\url{http://gesterling.files.wordpress.com/2008/07/iphone-location-aware-applications.pdf}},
	Language = {English},
	Month = {Julho},
	Owner = {zambon},
	Timestamp = {26 fev. 2010},
	Title = {A Survey of Location-Aware iPhone Applications},
	Year = {2008}}

@misc{Sygic:iPhone:2010,
	Author = {Sygic, s.r.o.},
	Date-Modified = {2010-11-03 20:01:38 -0200},
	Howpublished = {\url{http://www.sygic.com/}},
	Month = {Fevereiro},
	Owner = {zambon},
	Timestamp = {26 fev. 2010},
	Title = {Sygic, car navigation for iPhone, Android, Symbian, Windows Mobile and Linux mobile devices.},
	Year = {2010}}

@misc{TomTom:iPhone:2010,
	Author = {TomTom International, B.V.},
	Date-Modified = {2010-11-03 20:01:06 -0200},
	Howpublished = {\url{http://iphone.tomtom.com/}},
	Month = {Fevereiro},
	Owner = {zambon},
	Timestamp = {26 fev. 2010},
	Title = {Home | TomTom - iPhone},
	Year = {2010}}
