% This file was created with JabRef 2.3.1.
% Encoding: ISO8859_1

@BOOK{allemang2008semantic,
  title = {Semantic Web for the Working Ontologist: Effective Modeling in RDFS
	and OWL},
  publisher = {Morgan Kaufmann},
  year = {2008},
  author = {Dean Allemang and James Hendler},
  asin = {0123735564},
  dewey = {025.04},
  ean = {9780123735560},
  interhash = {edf7a3736d96bba69230ab5ed010a31f},
  intrahash = {329e804d1f49298322537e866d6b8d62},
  isbn = {0123735564},
  owner = {anaue},
  timestamp = {2009.11.02},
  url = {http://www.amazon.com/Semantic-Web-Working-Ontologist-Effective/dp/0123735564%3FSubscriptionId%3D13CT5CVB80YFWJEPWS02%26tag%3Dws%26linkCode%3Dxm2%26camp%3D2025%26creative%3D165953%26creativeASIN%3D0123735564}
}

@ARTICLE{brandao2002ontologia,
  author = {Anarosa Alves Franco Brandão, Carlos José Pereira de Lucena},
  title = {Uma Introdução à Engenharia de Ontologias no contexto da Web
	
	Semântica},
  year = {2002},
  owner = {anaue},
  timestamp = {2009.11.24}
}

@BOOK{antoniou2008semantic,
  title = {A Semantic Web Primer},
  publisher = {The MIT Press},
  year = {2008},
  author = {Grigoris Antoniou and Frank van Harmelen},
  edition = {2nd},
  interhash = {9d8b8e2c7a3ba2a4ead6af2e6cd30037},
  intrahash = {fae8b9efbb8ef5700e020b60047d2c54},
  owner = {anaue},
  timestamp = {2009.11.21}
}

@ARTICLE{lee2001semantic,
  author = {Tim Berners-Lee and James A. Hendler and Ora Lassila},
  title = {The Semantic Web},
  journal = {Scientific American},
  year = {2001},
  volume = {284},
  pages = {34--43},
  number = {5},
  month = may,
  abstract = {A new form of Web content that is meaningful to computers will unleash
	a revolution of new possibilities},
  interhash = {e87f09446138a81e6478625da97885b6},
  intrahash = {bef8ed4bf6cf5c1f3ba62f8ab6cc1473},
  issn = {0036-8733},
  owner = {anaue},
  timestamp = {2009.11.02},
  url = {http://www.scientificamerican.com/article.cfm?id=the-semantic-web}
}

@BOOK{breitman2005web,
  title = {Web Semantica: A internet do futuro},
  publisher = {LTC},
  year = {2005},
  author = {Karin Breitman},
  owner = {anaue},
  timestamp = {2009.10.31}
}

@INPROCEEDINGS{freitas2003ontologias,
  author = {Frederico Luiz Gonçalvez de Freitas},
  title = {Ontologias e a Web Semântica},
  booktitle = {Anais do XXIII Congresso da Sociedade Brasileira de Computação},
  year = {2003},
  editor = {Renata Vieira, Fernando Osório},
  volume = {8},
  pages = {1-52},
  owner = {anaue},
  timestamp = {2009.11.08}
}

@OTHER{gruber2001what,
  author = {Tom Gruber},
  interhash = {0f0b71884adaf84152ab265e53b5a62d},
  intrahash = {385f2843429ccc9485db9f15d4386034},
  month = {Acesso em: 03 de novembro de},
  owner = {anaue},
  timestamp = {2009.11.08},
  title = {{What is an Ontology?}},
  url = {http://www.ksl.stanford.edu/kst/what-is-an-ontology.html},
  year = {2009}
}

@ARTICLE{Gruber1993translation,
  author = {Thomas R. Gruber and Thomas R. Gruber},
  title = {A translation approach to portable ontology specifications},
  journal = {Knowledge Acquisition},
  year = {1993},
  volume = {5},
  pages = {199--220},
  interhash = {232576339f9eecc6915dec6a2ee77150},
  intrahash = {a37d4e16583bcdb1897be7700344c482},
  owner = {ksfang},
  timestamp = {2009.04.22}
}

@BOOK{hebeler2009semantic,
  title = {Semantic Web Programming},
  publisher = {Wiley Publishing},
  year = {2009},
  editor = {John Hebeler and Matthew Fisher and Ryan Blace and Andrew Perez-Lopez},
  author = {John Hebeler and Matthew Fisher and Ryan Blace and Andrew Perez-Lopez},
  interhash = {59d2b33259897426380aeada4164f2c6},
  intrahash = {7c6eacca6cd885bd9c87932f4f3a839f},
  owner = {anaue},
  timestamp = {2009.11.02}
}

@BOOK{Russell2003IA,
  title = {Artificial Intelligence a modern approach},
  publisher = {Prentice Hall},
  year = {2003},
  author = {Stuart J. Russell and Peter Norvig},
  address = {Upper Saddle River, N.J.},
  edition = {2nd international edition},
  interhash = {240d872993e7cc547f992e6bdde132ec},
  intrahash = {baac9476c8cff8c8777e411503bd4b3f}
}

@BOOK{segaran2009programming,
  title = {Programming the Semantic Web},
  publisher = {{O'Reilly}},
  year = {2009},
  author = {Toby Segaran and Jamie Taylor and Colin Evans},
  address = {Cambridge, {MA}},
  abstract = {With this book, the promise of the semantic web -- in which machines
	can find, share, and combine data on the Web -- is not just a technical
	possibility, but a practical reality. Programming the Semantic Web
	demonstrates several ways to implement semantic web applications
	using existing standards and patterns, as well as technologies recently
	introduced. Each chapter walks you through a single piece of semantic
	technology, and explains how to use it to solve real problems },
  interhash = {551e2cf8ddb21fd537469615a3810114},
  intrahash = {db17a2ea5183b5b30bc21fb4c58e72a4},
  isbn = {9780596802066},
  owner = {anaue},
  timestamp = {2009.11.12}
}

@OTHER{xml.com,
  author = {Joshua Tauberer},
  interhash = {0f0b71884adaf84152ab265e53b5a62d},
  intrahash = {385f2843429ccc9485db9f15d4386034},
  month = {Acesso em: 20 de novembro de},
  owner = {anaue},
  timestamp = {2009.11.20},
  title = {{What is RDF}},
  url = {http://www.xml.com/pub/a/2001/01/24/rdf.html},
  year = {2009}
}

@INPROCEEDINGS{uschold1999framework,
  author = {Mike Uschold and V. R. Benjamins and B. Ch and A. Gomez-perez and
	N. Guarino and Robert Jasper},
  title = {A framework for understanding and classifying ontology applications},
  booktitle = {Proceedings of the IJCAI99 Workshop on Ontologies},
  year = {1999},
  pages = {16--21},
  interhash = {3397b55360202d46ab873cc6f3339c8c},
  intrahash = {4aae79ce856e057e83cc71181be9bd88},
  owner = {anaue},
  timestamp = {2009.11.02},
  url = {http://www.uni-leipzig.de/~tbittner/courses/GEOID/uschold99FrameworkUnderstandingOntology.pdf}
}

@comment{jabref-meta: selector_publisher:}

@comment{jabref-meta: selector_author:}

@comment{jabref-meta: selector_journal:}

@comment{jabref-meta: selector_keywords:}

